@misc{mansfield2023symfind,
      title={Symfind: Addressing the Fragility of Subhalo Finders and Revealing the Durability of Subhalos}, 
      author={Philip Mansfield and Elise Darragh-Ford and Yunchong Wang and Ethan O. Nadler and Risa H. Wechsler},
      year={2023},
      eprint={2308.10926},
      archivePrefix={arXiv},
      primaryClass={astro-ph.CO}
}

@misc{buch2024milky,
      title={Milky Way-est: Cosmological Zoom-in Simulations with Large Magellanic Cloud and Gaia-Sausage-Enceladus Analogs}, 
      author={Deveshi Buch and Ethan O. Nadler and Risa H. Wechsler and Yao-Yuan Mao},
      year={2024},
      eprint={2404.08043},
      archivePrefix={arXiv},
      primaryClass={astro-ph.GA}
}

@ARTICLE{Clutton-Brock72,
       author = {{Clutton-Brock}, M.},
        title = "{The Gravitational Field of Flat Galaxies}",
      journal = {\apss},
     keywords = {Generate Function, Computer Simulation, Numerical Computation, Simple Computer, Gravitational Field},
         year = 1972,
        month = apr,
       volume = {16},
       number = {1},
        pages = {101-119},
          doi = {10.1007/BF00643095},
       adsurl = {https://ui.adsabs.harvard.edu/abs/1972Ap&SS..16..101C},
      adsnote = {Provided by the SAO/NASA Astrophysics Data System}
}




@Article{besla07,
  author	= {{Besla}, G. and {Kallivayalil}, N. and {Hernquist}, L. and
		  {Robertson}, B. and {Cox}, T.~J. and {van der Marel}, R.~P.
		  and {Alcock}, C.},
  title		= "{Are the Magellanic Clouds on Their First Passage about
		  the Milky Way?}",
  journal	= {\apj},
  eprint	= {astro-ph/0703196},
  keywords	= {Galaxies: Evolution, Galaxies: Interactions, Galaxies:
		  Kinematics and Dynamics, Galaxy: Structure, Galaxies:
		  Magellanic Clouds},
  year		= 2007,
  month		= oct,
  volume	= 668,
  pages		= {949-967},
  doi		= {10.1086/521385},
  adsurl	= {http://adsabs.harvard.edu/abs/2007ApJ...668..949B},
  adsnote	= {Provided by the SAO/NASA Astrophysics Data System}
}


@Article{besla15,
  author	= {{Besla}, G.},
  title		= "{The Orbits and Total Mass of the Magellanic Clouds}",
  journal	= {ArXiv e-prints},
  archiveprefix	= "arXiv",
  eprint	= {1511.03346},
  keywords	= {Astrophysics - Astrophysics of Galaxies},
  year		= 2015,
  month		= nov,
  adsurl	= {http://adsabs.harvard.edu/abs/2015arXiv151103346B},
  adsnote	= {Provided by the SAO/NASA Astrophysics Data System}
}

@article{Conroy_2021,
   title={All-sky dynamical response of the Galactic halo to the Large Magellanic Cloud},
   volume={592},
   ISSN={1476-4687},
   url={http://dx.doi.org/10.1038/s41586-021-03385-7},
   DOI={10.1038/s41586-021-03385-7},
   number={7855},
   journal={Nature},
   publisher={Springer Science and Business Media LLC},
   author={Conroy, Charlie and Naidu, Rohan P. and Garavito-Camargo, Nicolás and Besla, Gurtina and Zaritsky, Dennis and Bonaca, Ana and Johnson, Benjamin D.},
   year={2021},
   month=apr, 
   pages={534–536}
   }


@ARTICLE{garavito_19,
       author = {{Garavito-Camargo}, Nicolas and {Besla}, Gurtina and {Laporte}, Chervin F.~P. and {Johnston}, Kathryn V. and {G{\'o}mez}, Facundo A. and {Watkins}, Laura L.},
        title = "{Hunting for the Dark Matter Wake Induced by the Large Magellanic Cloud}",
      journal = {\apj},
     keywords = {Galaxy: kinematics and dynamics, Astrophysics - Astrophysics of Galaxies, Astrophysics - Cosmology and Nongalactic Astrophysics},
         year = 2019,
        month = oct,
       volume = {884},
       number = {1},
          eid = {51},
        pages = {51},
          doi = {10.3847/1538-4357/ab32eb},
archivePrefix = {arXiv},
       eprint = {1902.05089},
 primaryClass = {astro-ph.GA},
       adsurl = {https://ui.adsabs.harvard.edu/abs/2019ApJ...884...51G},
      adsnote = {Provided by the SAO/NASA Astrophysics Data System}
}

@article{Garavito_Camargo_2021,
   title={Quantifying the Impact of the Large Magellanic Cloud on the Structure of the Milky Way’s Dark Matter Halo Using Basis Function Expansions},
   volume={919},
   ISSN={1538-4357},
   url={http://dx.doi.org/10.3847/1538-4357/ac0b44},
   DOI={10.3847/1538-4357/ac0b44},
   number={2},
   journal={The Astrophysical Journal},
   publisher={American Astronomical Society},
   author={Garavito-Camargo, Nicolás and Besla, Gurtina and Laporte, Chervin F. P. and Price-Whelan, Adrian M. and Cunningham, Emily C. and Johnston, Kathryn V. and Weinberg, Martin and Gómez, Facundo A.},
   year={2021},
   month=sep, pages={109} }


@article{Nadler_2023,
   title={Symphony: Cosmological Zoom-in Simulation Suites over Four Decades of Host Halo Mass},
   volume={945},
   ISSN={1538-4357},
   url={http://dx.doi.org/10.3847/1538-4357/acb68c},
   DOI={10.3847/1538-4357/acb68c},
   number={2},
   journal={The Astrophysical Journal},
   publisher={American Astronomical Society},
   author={Nadler, Ethan O. and Mansfield, Philip and Wang, Yunchong and Du, Xiaolong and Adhikari, Susmita and Banerjee, Arka and Benson, Andrew and Darragh-Ford, Elise and Mao, Yao-Yuan and Wagner-Carena, Sebastian and Wechsler, Risa H. and Wu, Hao-Yi},
   year={2023},
   month=mar, pages={159} }

@misc{vasiliev2023dear,
      title={Dear Magellanic Clouds, welcome back!}, 
      author={Eugene Vasiliev},
      year={2023},
      eprint={2306.04837},
      archivePrefix={arXiv},
      primaryClass={astro-ph.GA}
}


@Article{belokurov19,
  author	= {{Belokurov}, Vasily and {Deason}, Alis J. and {Erkal},
		  Denis and {Koposov}, Sergey E. and {Carballo-Bello}, Julio
		  A. and {Smith}, Martin C. and {Jethwa}, Prashin and
		  {Navarrete}, Camila},
  title		= "{The Pisces Plume and the Magellanic wake}",
  journal	= {\mnras},
  keywords	= {stars: variables: RR Lyrae, galaxies: dwarf, Local Group,
		  Magellanic Clouds, galaxies: structure, Astrophysics -
		  Astrophysics of Galaxies},
  year		= 2019,
  month		= sep,
  volume	= {488},
  number	= {1},
  pages		= {L47-L52},
  doi		= {10.1093/mnrasl/slz101},
  archiveprefix	= {arXiv},
  eprint	= {1904.07909},
  primaryclass	= {astro-ph.GA},
  adsurl	= {https://ui.adsabs.harvard.edu/abs/2019MNRAS.488L..47B},
  adsnote	= {Provided by the SAO/NASA Astrophysics Data System}
}



@PhDThesis{choiphdt,
  author	= {{Choi}, Jun-Hwan},
  title		= "{The dynamics of satellite and dark matter halo
		  interactions on galaxy formation and evolution}",
  keywords	= {Satellite-halo interactions, Dark matter halo, Galaxy
		  formation},
  school	= {School: University of Massachusetts Amherst},
  year		= 2007,
  month		= aug,
  adsurl	= {https://ui.adsabs.harvard.edu/abs/2007PhDT........22C},
  adsnote	= {Provided by the SAO/NASA Astrophysics Data System}
}

@Article{chandrasekhar43,
  author	= {{Chandrasekhar}, S.},
  title		= "{Dynamical Friction. I. General Considerations: the
		  Coefficient of Dynamical Friction.}",
  journal	= {\apj},
  year		= 1943,
  month		= mar,
  volume	= 97,
  pages		= {255},
  doi		= {10.1086/144517},
  adsurl	= {http://adsabs.harvard.edu/abs/1943ApJ....97..255C},
  adsnote	= {Provided by the SAO/NASA Astrophysics Data System}
}

@Article{	  lancaster20,
  author	= {{Lancaster}, Lachlan and {Giovanetti}, Cara and {Mocz},
		  Philip and {Kahn}, Yonatan and {Lisanti}, Mariangela and
		  {Spergel}, David N.},
  title		= "{Dynamical friction in a Fuzzy Dark Matter universe}",
  journal	= {\jcap},
  keywords	= {Astrophysics - Cosmology and Nongalactic Astrophysics,
		  Astrophysics - Astrophysics of Galaxies},
  year		= 2020,
  month		= jan,
  volume	= {2020},
  number	= {1},
  eid		= {001},
  pages		= {001},
  doi		= {10.1088/1475-7516/2020/01/001},
  archiveprefix	= {arXiv},
  eprint	= {1909.06381},
  primaryclass	= {astro-ph.CO},
  adsurl	= {https://ui.adsabs.harvard.edu/abs/2020JCAP...01..001L},
  adsnote	= {Provided by the SAO/NASA Astrophysics Data System}
}

@Article{	  laporte17,
  author	= {{Laporte}, C.~F.~P. and {G{\'o}mez}, F.~A. and {Besla}, G.
		  and {Johnston}, K.~V. and {Garavito-Camargo}, N.},
  title		= "{Response of the Milky Way's disc to the Large Magellanic
		  Cloud in a first infall scenario}",
  journal	= {ArXiv e-prints},
  archiveprefix	= "arXiv",
  eprint	= {1608.04743},
  keywords	= {Astrophysics - Astrophysics of Galaxies},
  year		= 2016,
  month		= aug,
  adsurl	= {http://adsabs.harvard.edu/abs/2016arXiv160804743L},
  adsnote	= {Provided by the SAO/NASA Astrophysics Data System}
}


@ARTICLE{Lovell14,
       author = {{Lovell}, Mark R. and {Frenk}, Carlos S. and {Eke}, Vincent R. and {Jenkins}, Adrian and {Gao}, Liang and {Theuns}, Tom},
        title = "{The properties of warm dark matter haloes}",
      journal = {\mnras},
     keywords = {galaxies: dwarf, dark matter, Astrophysics - Cosmology and Nongalactic Astrophysics, Astrophysics - Astrophysics of Galaxies},
         year = 2014,
        month = mar,
       volume = {439},
       number = {1},
        pages = {300-317},
          doi = {10.1093/mnras/stt2431},
archivePrefix = {arXiv},
       eprint = {1308.1399},
 primaryClass = {astro-ph.CO},
       adsurl = {https://ui.adsabs.harvard.edu/abs/2014MNRAS.439..300L},
      adsnote = {Provided by the SAO/NASA Astrophysics Data System}
}



@ARTICLE{Mastropietro05,
       author = {{Mastropietro}, C. and {Moore}, B. and {Mayer}, L. and {Wadsley}, J. and {Stadel}, J.},
        title = "{The gravitational and hydrodynamical interaction between the Large Magellanic Cloud and the Galaxy}",
      journal = {\mnras},
     keywords = {hydrodynamics, methods: N-body simulations, galaxies: interactions, Magellanic Clouds, galaxies: evolution, galaxies: formation, galaxies: starburst, cosmology: observations, infrared: galaxies, submillimetre, Astrophysics},
         year = 2005,
        month = oct,
       volume = {363},
       number = {2},
        pages = {509-520},
          doi = {10.1111/j.1365-2966.2005.09435.x},
archivePrefix = {arXiv},
       eprint = {astro-ph/0412312},
 primaryClass = {astro-ph},
       adsurl = {https://ui.adsabs.harvard.edu/abs/2005MNRAS.363..509M},
      adsnote = {Provided by the SAO/NASA Astrophysics Data System}
}


@ARTICLE{Deason_21,
       author = {{Deason}, Alis J. and {Erkal}, Denis and {Belokurov}, Vasily and {Fattahi}, Azadeh and {G{\'o}mez}, Facundo A. and {Grand}, Robert J.~J. and {Pakmor}, R{\"u}diger and {Xue}, Xiang-Xiang and {Liu}, Chao and {Yang}, Chengqun and {Zhang}, Lan and {Zhao}, Gang},
        title = "{The mass of the Milky Way out to 100 kpc using halo stars}",
      journal = {\mnras},
     keywords = {Galaxy: halo, Galaxy: kinematics and dynamics, Local Group, Astrophysics - Astrophysics of Galaxies},
         year = 2021,
        month = mar,
       volume = {501},
       number = {4},
        pages = {5964-5972},
          doi = {10.1093/mnras/staa3984},
archivePrefix = {arXiv},
       eprint = {2010.13801},
 primaryClass = {astro-ph.GA},
       adsurl = {https://ui.adsabs.harvard.edu/abs/2021MNRAS.501.5964D},
      adsnote = {Provided by the SAO/NASA Astrophysics Data System}
}

@ARTICLE{Vasiliev_21,
       author = {{Vasiliev}, Eugene and {Belokurov}, Vasily and {Erkal}, Denis},
        title = "{Tango for three: Sagittarius, LMC, and the Milky Way}",
      journal = {\mnras},
     keywords = {Galaxy: kinematics and dynamics, Galaxy: structure, Astrophysics - Astrophysics of Galaxies},
         year = 2021,
        month = feb,
       volume = {501},
       number = {2},
        pages = {2279-2304},
          doi = {10.1093/mnras/staa3673},
archivePrefix = {arXiv},
       eprint = {2009.10726},
 primaryClass = {astro-ph.GA},
       adsurl = {https://ui.adsabs.harvard.edu/abs/2021MNRAS.501.2279V},
      adsnote = {Provided by the SAO/NASA Astrophysics Data System}
}


@ARTICLE{Petersen_20,
       author = {{Petersen}, Michael S. and {Pe{\~n}arrubia}, Jorge},
        title = "{Reflex motion in the Milky Way stellar halo resulting from the Large Magellanic Cloud infall}",
      journal = {\mnras},
     keywords = {galaxies: Galaxy: halo, galaxies: kinematics and dynamics, Astrophysics - Astrophysics of Galaxies},
         year = 2020,
        month = may,
       volume = {494},
       number = {1},
        pages = {L11-L16},
          doi = {10.1093/mnrasl/slaa029},
archivePrefix = {arXiv},
       eprint = {2001.09142},
 primaryClass = {astro-ph.GA},
       adsurl = {https://ui.adsabs.harvard.edu/abs/2020MNRAS.494L..11P},
      adsnote = {Provided by the SAO/NASA Astrophysics Data System}
}



@ARTICLE{Petersen_21,
       author = {{Petersen}, Michael S. and {Pe{\~n}arrubia}, Jorge},
        title = "{Detection of the Milky Way reflex motion due to the Large Magellanic Cloud infall}",
      journal = {Nature Astronomy},
     keywords = {Astrophysics - Astrophysics of Galaxies},
         year = 2021,
        month = jan,
       volume = {5},
        pages = {251-255},
          doi = {10.1038/s41550-020-01254-3},
archivePrefix = {arXiv},
       eprint = {2011.10581},
 primaryClass = {astro-ph.GA},
       adsurl = {https://ui.adsabs.harvard.edu/abs/2021NatAs...5..251P},
      adsnote = {Provided by the SAO/NASA Astrophysics Data System}
}

@ARTICLE{Zaritsky_20,
       author = {{Zaritsky}, Dennis and {Conroy}, Charlie and {Naidu}, Rohan P. and {Cargile}, Phillip A. and {Putman}, Mary and {Besla}, Gurtina and {Bonaca}, Ana and {Caldwell}, Nelson and {Han}, Jiwon Jesse and {Johnson}, Benjamin D. and {Speagle}, Joshua S. and {Ting}, Yuan-Sen},
        title = "{Discovery of Magellanic Stellar Debris in the H3 Survey}",
      journal = {\apjl},
     keywords = {Magellanic Clouds, Magellanic Stream, Milky Way stellar halo, 990, 991, 1060, Astrophysics - Astrophysics of Galaxies},
         year = 2020,
        month = dec,
       volume = {905},
       number = {1},
          eid = {L3},
        pages = {L3},
          doi = {10.3847/2041-8213/abcb83},
archivePrefix = {arXiv},
       eprint = {2011.09395},
 primaryClass = {astro-ph.GA},
       adsurl = {https://ui.adsabs.harvard.edu/abs/2020ApJ...905L...3Z},
      adsnote = {Provided by the SAO/NASA Astrophysics Data System}
}


@ARTICLE{Cunninghnam_20,
       author = {{Cunningham}, Emily C. and {Garavito-Camargo}, Nicolas and {Deason}, Alis J. and {Johnston}, Kathryn V. and {Erkal}, Denis and {Laporte}, Chervin F.~P. and {Besla}, Gurtina and {Luger}, Rodrigo and {Sanderson}, Robyn E.},
        title = "{Quantifying the Stellar Halo's Response to the LMC's Infall with Spherical Harmonics}",
      journal = {\apj},
     keywords = {Milky Way dark matter halo, Milky Way dynamics, Milky Way stellar halo, Milky Way Galaxy, 1049, 1051, 1060, 1054, Astrophysics - Astrophysics of Galaxies},
         year = 2020,
        month = jul,
       volume = {898},
       number = {1},
          eid = {4},
        pages = {4},
          doi = {10.3847/1538-4357/ab9b88},
archivePrefix = {arXiv},
       eprint = {2006.08621},
 primaryClass = {astro-ph.GA},
       adsurl = {https://ui.adsabs.harvard.edu/abs/2020ApJ...898....4C},
      adsnote = {Provided by the SAO/NASA Astrophysics Data System}
}



@ARTICLE{Vedant_23,
       author = {{Chandra}, Vedant and {Naidu}, Rohan P. and {Conroy}, Charlie and {Bonaca}, Ana and {Zaritsky}, Dennis and {Cargile}, Phillip A. and {Caldwell}, Nelson and {Johnson}, Benjamin D. and {Han}, Jiwon Jesse and {Ting}, Yuan-Sen},
        title = "{Discovery of the Magellanic Stellar Stream Out to 100 kpc}",
      journal = {\apj},
     keywords = {Large Magellanic Cloud, Magellanic Clouds, Magellanic Stream, Small Magellanic Cloud, Stellar streams, 903, 990, 991, 1468, 2166, Astrophysics - Astrophysics of Galaxies},
         year = 2023,
        month = oct,
       volume = {956},
       number = {2},
          eid = {110},
        pages = {110},
          doi = {10.3847/1538-4357/acf7bf},
archivePrefix = {arXiv},
       eprint = {2306.15719},
 primaryClass = {astro-ph.GA},
       adsurl = {https://ui.adsabs.harvard.edu/abs/2023ApJ...956..110C},
      adsnote = {Provided by the SAO/NASA Astrophysics Data System}
}

@ARTICLE{Fushimi_23,
       author = {{Fushimi}, K.~J. and {Mosquera}, M.~E. and {Dominguez}, M.},
        title = "{A determination of the LMC dark matter subhalo mass using the MW halo stars in its gravitational wake}",
      journal = {arXiv e-prints},
     keywords = {Astrophysics - Astrophysics of Galaxies},
         year = 2023,
        month = sep,
          eid = {arXiv:2309.12989},
        pages = {arXiv:2309.12989},
          doi = {10.48550/arXiv.2309.12989},
archivePrefix = {arXiv},
       eprint = {2309.12989},
 primaryClass = {astro-ph.GA},
       adsurl = {https://ui.adsabs.harvard.edu/abs/2023arXiv230912989F},
      adsnote = {Provided by the SAO/NASA Astrophysics Data System}
}


@ARTICLE{Foote_23,
       author = {{Foote}, Hayden R. and {Besla}, Gurtina and {Mocz}, Philip and {Garavito-Camargo}, Nicol{\'a}s and {Lancaster}, Lachlan and {Sparre}, Martin and {Cunningham}, Emily C. and {Vogelsberger}, Mark and {G{\'o}mez}, Facundo A. and {Laporte}, Chervin F.~P.},
        title = "{Structure, Kinematics, and Observability of the Large Magellanic Cloud's Dynamical Friction Wake in Cold versus Fuzzy Dark Matter}",
      journal = {\apj},
     keywords = {Large Magellanic Cloud, Milky Way dynamics, Milky Way dark matter halo, Milky Way stellar halo, Dynamical friction, Cold dark matter, 903, 1051, 1049, 1060, 422, 265, Astrophysics - Astrophysics of Galaxies},
         year = 2023,
        month = sep,
       volume = {954},
       number = {2},
          eid = {163},
        pages = {163},
          doi = {10.3847/1538-4357/ace533},
archivePrefix = {arXiv},
       eprint = {2307.00053},
 primaryClass = {astro-ph.GA},
       adsurl = {https://ui.adsabs.harvard.edu/abs/2023ApJ...954..163F},
      adsnote = {Provided by the SAO/NASA Astrophysics Data System}
}


@ARTICLE{Arora24,
       author = {{Arora}, Arpit and {Sanderson}, Robyn and {Regan}, Christopher and {Garavito-Camargo}, Nicol{\'a}s and {Bregou}, Emily and {Panithanpaisal}, Nondh and {Wetzel}, Andrew and {Cunningham}, Emily C. and {Loebman}, Sarah R. and {Dropulic}, Adriana and {Shipp}, Nora},
        title = "{Efficient and Accurate Force Replay in Cosmological-baryonic Simulations}",
      journal = {\apj},
     keywords = {Dark matter, Milky Way evolution, Galaxy dynamics, 353, 1052, 591, Astrophysics - Astrophysics of Galaxies},
         year = 2024,
        month = dec,
       volume = {977},
       number = {1},
          eid = {23},
        pages = {23},
          doi = {10.3847/1538-4357/ad88f0},
archivePrefix = {arXiv},
       eprint = {2407.12932},
 primaryClass = {astro-ph.GA},
       adsurl = {https://ui.adsabs.harvard.edu/abs/2024ApJ...977...23A},
      adsnote = {Provided by the SAO/NASA Astrophysics Data System}
}



@ARTICLE{Arora_23,
       author = {{Arora}, Arpit and {Garavito-Camargo}, Nicol{\'a}s and {Sanderson}, Robyn E. and {Cunningham}, Emily C. and {Wetzel}, Andrew and {Panithanpaisal}, Nondh and {Barry}, Megan},
        title = "{LMC-driven anisotropic boosts in stream--subhalo interactions}",
      journal = {arXiv e-prints},
     keywords = {Astrophysics - Astrophysics of Galaxies},
         year = 2023,
        month = sep,
          eid = {arXiv:2309.15998},
        pages = {arXiv:2309.15998},
          doi = {10.48550/arXiv.2309.15998},
archivePrefix = {arXiv},
       eprint = {2309.15998},
 primaryClass = {astro-ph.GA},
       adsurl = {https://ui.adsabs.harvard.edu/abs/2023arXiv230915998A},
      adsnote = {Provided by the SAO/NASA Astrophysics Data System}
}

@ARTICLE{Sanders20,
       author = {{Sanders}, Jason L. and {Lilley}, Edward J. and {Vasiliev}, Eugene and {Evans}, N. Wyn and {Erkal}, Denis},
        title = "{Models of distorted and evolving dark matter haloes}",
      journal = {\mnras},
     keywords = {methods: numerical, galaxies: haloes, galaxies: kinematics and dynamics, galaxies: structure, Astrophysics - Astrophysics of Galaxies, Astrophysics - Cosmology and Nongalactic Astrophysics},
         year = 2020,
        month = dec,
       volume = {499},
       number = {4},
        pages = {4793-4813},
          doi = {10.1093/mnras/staa3079},
archivePrefix = {arXiv},
       eprint = {2009.00645},
 primaryClass = {astro-ph.GA},
       adsurl = {https://ui.adsabs.harvard.edu/abs/2020MNRAS.499.4793S},
      adsnote = {Provided by the SAO/NASA Astrophysics Data System}
}



@ARTICLE{Salomon_23,
       author = {{Salomon}, Jean-Baptiste and {Libeskind}, Noam and {Hoffman}, Yehuda},
        title = "{Exploring the centre of mass properties of LG-like galaxies}",
      journal = {\mnras},
     keywords = {galaxies: disc, galaxies: dwarf, galaxies: haloes, galaxies: kinematics and dynamics, Local Group, dark matter, Astrophysics - Astrophysics of Galaxies, Astrophysics - Cosmology and Nongalactic Astrophysics},
         year = 2023,
        month = aug,
       volume = {523},
       number = {2},
        pages = {2759-2769},
          doi = {10.1093/mnras/stad1598},
archivePrefix = {arXiv},
       eprint = {2305.15478},
 primaryClass = {astro-ph.GA},
       adsurl = {https://ui.adsabs.harvard.edu/abs/2023MNRAS.523.2759S},
      adsnote = {Provided by the SAO/NASA Astrophysics Data System}
}

@ARTICLE{Furlanetto02,
       author = {{Furlanetto}, Steven R. and {Loeb}, Abraham},
        title = "{Constraining the Collisional Nature of the Dark Matter through Observations of Gravitational Wakes}",
      journal = {\apj},
     keywords = {Cosmology: Dark Matter, Galaxies: Clusters: General, Hydrodynamics, X-Rays: Galaxies: Clusters, Astrophysics},
         year = 2002,
        month = feb,
       volume = {565},
       number = {2},
        pages = {854-866},
          doi = {10.1086/324693},
archivePrefix = {arXiv},
       eprint = {astro-ph/0107567},
 primaryClass = {astro-ph},
       adsurl = {https://ui.adsabs.harvard.edu/abs/2002ApJ...565..854F},
      adsnote = {Provided by the SAO/NASA Astrophysics Data System}
}



@ARTICLE{Makarov_23,
       author = {{Makarov}, Dmitry and {Khoperskov}, Sergey and {Makarov}, Danila and {Makarova}, Lidia and {Libeskind}, Noam and {Salomon}, Jean-Baptiste},
        title = "{The LMC impact on the kinematics of the Milky Way satellites: clues from the running solar apex}",
      journal = {\mnras},
     keywords = {galaxies: formation, galaxies: groups: general, galaxies: kinematics and dynamics, Local Group, Astrophysics - Astrophysics of Galaxies},
         year = 2023,
        month = may,
       volume = {521},
       number = {3},
        pages = {3540-3552},
          doi = {10.1093/mnras/stad757},
archivePrefix = {arXiv},
       eprint = {2303.06175},
 primaryClass = {astro-ph.GA},
       adsurl = {https://ui.adsabs.harvard.edu/abs/2023MNRAS.521.3540M},
      adsnote = {Provided by the SAO/NASA Astrophysics Data System}
}


@ARTICLE{Vasiliev_23review,
       author = {{Vasiliev}, Eugene},
        title = "{The Effect of the LMC on the Milky Way System}",
      journal = {Galaxies},
     keywords = {Galaxy: kinematics and dynamics, Galaxy: structure, Magellanic Clouds, Local Group, Astrophysics - Astrophysics of Galaxies},
         year = 2023,
        month = apr,
       volume = {11},
       number = {2},
          eid = {59},
        pages = {59},
          doi = {10.3390/galaxies11020059},
archivePrefix = {arXiv},
       eprint = {2304.09136},
 primaryClass = {astro-ph.GA},
       adsurl = {https://ui.adsabs.harvard.edu/abs/2023Galax..11...59V},
      adsnote = {Provided by the SAO/NASA Astrophysics Data System}
}


@Article{lilley18a,
  author	= {{Lilley}, E.~J. and {Sanders}, J.~L. and {Evans}, N.~W.
		  and {Erkal}, D.},
  title		= "{Galaxy halo expansions: a new biorthogonal family of
		  potential-density pairs}",
  journal	= {\mnras},
  archiveprefix	= "arXiv",
  eprint	= {1802.03350},
  keywords	= {methods: numerical, galaxies: kinematics and dynamics},
  year		= 2018,
  month		= may,
  volume	= 476,
  pages		= {2092-2109},
  doi		= {10.1093/mnras/sty296},
  adsurl	= {https://ui.adsabs.harvard.edu/abs/2018MNRAS.476.2092L},
  adsnote	= {Provided by the SAO/NASA Astrophysics Data System}
}

@ARTICLE{Chandrasekhar1943,
       author = {{Chandrasekhar}, S.},
        title = "{Dynamical Friction. I. General Considerations: the Coefficient of Dynamical Friction.}",
      journal = {\apj},
         year = 1943,
        month = mar,
       volume = {97},
        pages = {255},
          doi = {10.1086/144517},
       adsurl = {https://ui.adsabs.harvard.edu/abs/1943ApJ....97..255C},
      adsnote = {Provided by the SAO/NASA Astrophysics Data System}
}


@Article{lilley18b,
  author	= {{Lilley}, E.~J. and {Sanders}, J.~L. and {Evans}, N.~W.},
  title		= "{A two-parameter family of double-power-law biorthonormal
		  potential-density expansions}",
  journal	= {\mnras},
  archiveprefix	= "arXiv",
  eprint	= {1804.11190},
  keywords	= {galaxies: haloes, galaxies: structure, methods:
		  numerical},
  year		= 2018,
  month		= jul,
  volume	= 478,
  pages		= {1281-1291},
  doi		= {10.1093/mnras/sty1038},
  adsurl	= {https://ui.adsabs.harvard.edu/abs/2018MNRAS.478.1281L},
  adsnote	= {Provided by the SAO/NASA Astrophysics Data System}
}

@ARTICLE{Lilleengen_23,
       author = {{Lilleengen}, Sophia and {Petersen}, Michael S. and {Erkal}, Denis and {Pe{\~n}arrubia}, Jorge and {Koposov}, Sergey E. and {Li}, Ting S. and {Cullinane}, Lara R. and {Ji}, Alexander P. and {Kuehn}, Kyler and {Lewis}, Geraint F. and {Mackey}, Dougal and {Pace}, Andrew B. and {Shipp}, Nora and {Zucker}, Daniel B. and {Bland-Hawthorn}, Joss and {Hilmi}, Tariq and {S5 Collaboration}},
        title = "{The effect of the deforming dark matter haloes of the Milky Way and the Large Magellanic Cloud on the Orphan-Chenab stream}",
      journal = {\mnras},
     keywords = {Galaxy: evolution, Galaxy: halo, Galaxy: kinematics and dynamics, Galaxy: structure, (galaxies:) Magellanic Clouds, Astrophysics - Astrophysics of Galaxies},
         year = 2023,
        month = jan,
       volume = {518},
       number = {1},
        pages = {774-790},
          doi = {10.1093/mnras/stac3108},
archivePrefix = {arXiv},
       eprint = {2205.01688},
 primaryClass = {astro-ph.GA},
       adsurl = {https://ui.adsabs.harvard.edu/abs/2023MNRAS.518..774L},
      adsnote = {Provided by the SAO/NASA Astrophysics Data System}
}

@ARTICLE{Panithanpaisal_22,
       author = {{Panithanpaisal}, Nondh and {Sanderson}, Robyn E. and {Arora}, Arpit and {Cunningham}, Emily C. and {Baptista}, Jay},
        title = "{Constraining the Tilt of the Milky Way's Dark Matter Halo with the Sagittarius Stream}",
      journal = {arXiv e-prints},
     keywords = {Astrophysics - Astrophysics of Galaxies},
         year = 2022,
        month = oct,
          eid = {arXiv:2210.14983},
        pages = {arXiv:2210.14983},
          doi = {10.48550/arXiv.2210.14983},
archivePrefix = {arXiv},
       eprint = {2210.14983},
 primaryClass = {astro-ph.GA},
       adsurl = {https://ui.adsabs.harvard.edu/abs/2022arXiv221014983P},
      adsnote = {Provided by the SAO/NASA Astrophysics Data System}
}

@ARTICLE{Valluri21,
       author = {{Valluri}, Monica and {Price-Whelan}, Adrian M. and {Snyder}, Sarah J.},
        title = "{Detecting the Figure Rotation of Dark Matter Halos with Tidal Streams}",
      journal = {\apj},
     keywords = {Dark matter, Galaxy dark matter halos, Milky Way dark matter halo, Galaxy dynamics, Milky Way dynamics, Sagittarius dwarf spheroidal galaxy, Tidal disruption, 353, 1880, 1049, 591, 1051, 1423, 1696, Astrophysics - Astrophysics of Galaxies, Astrophysics - Cosmology and Nongalactic Astrophysics},
         year = 2021,
        month = apr,
       volume = {910},
       number = {2},
          eid = {150},
        pages = {150},
          doi = {10.3847/1538-4357/abe534},
archivePrefix = {arXiv},
       eprint = {2009.09004},
 primaryClass = {astro-ph.GA},
       adsurl = {https://ui.adsabs.harvard.edu/abs/2021ApJ...910..150V},
      adsnote = {Provided by the SAO/NASA Astrophysics Data System}
}



@ARTICLE{Ash23,
       author = {{Ash}, Neil and {Valluri}, Monica},
        title = "{Figure Rotation of IllustrisTNG Halos}",
      journal = {\apj},
     keywords = {Dark matter distribution, Galaxy dark matter halos, Milky Way dark matter halo, Galaxy evolution, Milky Way evolution, 356, 1880, 1049, 594, 1052, Astrophysics - Astrophysics of Galaxies, Astrophysics - Cosmology and Nongalactic Astrophysics},
         year = 2023,
        month = oct,
       volume = {955},
       number = {2},
          eid = {111},
        pages = {111},
          doi = {10.3847/1538-4357/acf30c},
archivePrefix = {arXiv},
       eprint = {2308.16253},
 primaryClass = {astro-ph.GA},
       adsurl = {https://ui.adsabs.harvard.edu/abs/2023ApJ...955..111A},
      adsnote = {Provided by the SAO/NASA Astrophysics Data System}
}



@ARTICLE{Mao2015,
       author = {{Mao}, Yao-Yuan and {Williamson}, Marc and {Wechsler}, Risa H.},
        title = "{The Dependence of Subhalo Abundance on Halo Concentration}",
      journal = {\apj},
     keywords = {dark matter, galaxies: halos, methods: analytical, methods: numerical, Astrophysics - Cosmology and Nongalactic Astrophysics, Astrophysics - Astrophysics of Galaxies},
         year = 2015,
        month = sep,
       volume = {810},
       number = {1},
          eid = {21},
        pages = {21},
          doi = {10.1088/0004-637X/810/1/21},
archivePrefix = {arXiv},
       eprint = {1503.02637},
 primaryClass = {astro-ph.CO},
       adsurl = {https://ui.adsabs.harvard.edu/abs/2015ApJ...810...21M},
      adsnote = {Provided by the SAO/NASA Astrophysics Data System}
}


@ARTICLE{Gomez15,
       author = {{G{\'o}mez}, Facundo A. and {Besla}, Gurtina and {Carpintero}, Daniel D. and {Villalobos}, {\'A}lvaro and {O'Shea}, Brian W. and {Bell}, Eric F.},
        title = "{And Yet it Moves: The Dangers of Artificially Fixing the Milky Way Center of Mass in the Presence of a Massive Large Magellanic Cloud}",
      journal = {\apj},
     keywords = {galaxies: formation, Galaxy: formation, Galaxy: halo, methods: analytical, methods: numerical, methods: statistical, Astrophysics - Astrophysics of Galaxies},
         year = 2015,
        month = apr,
       volume = {802},
       number = {2},
          eid = {128},
        pages = {128},
          doi = {10.1088/0004-637X/802/2/128},
archivePrefix = {arXiv},
       eprint = {1408.4128},
 primaryClass = {astro-ph.GA},
       adsurl = {https://ui.adsabs.harvard.edu/abs/2015ApJ...802..128G},
      adsnote = {Provided by the SAO/NASA Astrophysics Data System}
}



@ARTICLE{Koposov19,
       author = {{Koposov}, S.~E. and {Belokurov}, V. and {Li}, T.~S. and {Mateu}, C. and {Erkal}, D. and {Grillmair}, C.~J. and {Hendel}, D. and {Price-Whelan}, A.~M. and {Laporte}, C.~F.~P. and {Hawkins}, K. and {Sohn}, S.~T. and {del Pino}, A. and {Evans}, N.~W. and {Slater}, C.~T. and {Kallivayalil}, N. and {Navarro}, J.~F. and {Orphan Aspen Treasury Collaboration}},
        title = "{Piercing the Milky Way: an all-sky view of the Orphan Stream}",
      journal = {\mnras},
     keywords = {Galaxy: halo, Galaxy: kinematics and dynamics, Galaxy: structure, galaxies: dwarf, galaxies: structure, Astrophysics - Astrophysics of Galaxies},
         year = 2019,
        month = jun,
       volume = {485},
       number = {4},
        pages = {4726-4742},
          doi = {10.1093/mnras/stz457},
archivePrefix = {arXiv},
       eprint = {1812.08172},
 primaryClass = {astro-ph.GA},
       adsurl = {https://ui.adsabs.harvard.edu/abs/2019MNRAS.485.4726K},
      adsnote = {Provided by the SAO/NASA Astrophysics Data System}
}



@ARTICLE{Simon_22,
       author = {{Rozier}, Simon and {Famaey}, Benoit and {Siebert}, Arnaud and {Monari}, Giacomo and {Pichon}, Christophe and {Ibata}, Rodrigo},
        title = "{Constraining the Milky Way Halo Kinematics via Its Linear Response to the Large Magellanic Cloud}",
      journal = {\apj},
     keywords = {Milky Way dark matter halo, Milky Way stellar halo, Milky Way dynamics, Analytical mathematics, Perturbation methods, 1049, 1060, 1051, 38, 1215, Astrophysics - Astrophysics of Galaxies},
         year = 2022,
        month = jul,
       volume = {933},
       number = {1},
          eid = {113},
        pages = {113},
          doi = {10.3847/1538-4357/ac7139},
archivePrefix = {arXiv},
       eprint = {2201.05589},
 primaryClass = {astro-ph.GA},
       adsurl = {https://ui.adsabs.harvard.edu/abs/2022ApJ...933..113R},
      adsnote = {Provided by the SAO/NASA Astrophysics Data System}
}

@ARTICLE{Poggio_21,
       author = {{Poggio}, Eloisa and {Laporte}, Chervin F.~P. and {Johnston}, Kathryn V. and {D'Onghia}, Elena and {Drimmel}, Ronald and {Grion Filho}, Douglas},
        title = "{Measuring the vertical response of the Galactic disc to an infalling satellite}",
      journal = {\mnras},
     keywords = {Galaxy: disc, Galaxy: evolution, Galaxy: kinematics and dynamics, Galaxy: structure, Local Group, Astrophysics - Astrophysics of Galaxies},
         year = 2021,
        month = nov,
       volume = {508},
       number = {1},
        pages = {541-559},
          doi = {10.1093/mnras/stab2245},
archivePrefix = {arXiv},
       eprint = {2011.11642},
 primaryClass = {astro-ph.GA},
       adsurl = {https://ui.adsabs.harvard.edu/abs/2021MNRAS.508..541P},
      adsnote = {Provided by the SAO/NASA Astrophysics Data System}
}

@ARTICLE{Shipp19,
       author = {{Shipp}, N. and {Li}, T.~S. and {Pace}, A.~B. and {Erkal}, D. and {Drlica-Wagner}, A. and {Yanny}, B. and {Belokurov}, V. and {Wester}, W. and {Koposov}, S.~E. and {Kuehn}, K. and {Lewis}, G.~F. and {Simpson}, J.~D. and {Wan}, Z. and {Zucker}, D.~B. and {Martell}, S.~L. and {Wang}, M.~Y. and {S5 Collaboration}},
        title = "{Proper Motions of Stellar Streams Discovered in the Dark Energy Survey}",
      journal = {\apj},
     keywords = {Stellar kinematics, Milky Way Galaxy, Milky Way stellar halo, Local Group, Galaxy structure, Astrophysics - Astrophysics of Galaxies, Astrophysics - Solar and Stellar Astrophysics},
         year = 2019,
        month = nov,
       volume = {885},
       number = {1},
          eid = {3},
        pages = {3},
          doi = {10.3847/1538-4357/ab44bf},
archivePrefix = {arXiv},
       eprint = {1907.09488},
 primaryClass = {astro-ph.GA},
       adsurl = {https://ui.adsabs.harvard.edu/abs/2019ApJ...885....3S},
      adsnote = {Provided by the SAO/NASA Astrophysics Data System}
}



@ARTICLE{Erkal_21,
       author = {{Erkal}, Denis and {Deason}, Alis J. and {Belokurov}, Vasily and {Xue}, Xiang-Xiang and {Koposov}, Sergey E. and {Bird}, Sarah A. and {Liu}, Chao and {Simion}, Iulia T. and {Yang}, Chengqun and {Zhang}, Lan and {Zhao}, Gang},
        title = "{Detection of the LMC-induced sloshing of the Galactic halo}",
      journal = {\mnras},
     keywords = {Galaxy: evolution, Galaxy: halo, Galaxy: kinematics and dynamics, Magellanic Clouds, Astrophysics - Astrophysics of Galaxies},
         year = 2021,
        month = sep,
       volume = {506},
       number = {2},
        pages = {2677-2684},
          doi = {10.1093/mnras/stab1828},
archivePrefix = {arXiv},
       eprint = {2010.13789},
 primaryClass = {astro-ph.GA},
       adsurl = {https://ui.adsabs.harvard.edu/abs/2021MNRAS.506.2677E},
      adsnote = {Provided by the SAO/NASA Astrophysics Data System}
}

@ARTICLE{Shao_21,
       author = {{Shao}, Shi and {Cautun}, Marius and {Deason}, Alis and {Frenk}, Carlos S.},
        title = "{The twisted dark matter halo of the Milky Way}",
      journal = {\mnras},
     keywords = {methods: numerical, galaxies: haloes, galaxies: kinematics and dynamics, Astrophysics - Astrophysics of Galaxies, Astrophysics - Cosmology and Nongalactic Astrophysics},
         year = 2021,
        month = jul,
       volume = {504},
       number = {4},
        pages = {6033-6048},
          doi = {10.1093/mnras/staa3883},
archivePrefix = {arXiv},
       eprint = {2005.03025},
 primaryClass = {astro-ph.GA},
       adsurl = {https://ui.adsabs.harvard.edu/abs/2021MNRAS.504.6033S},
      adsnote = {Provided by the SAO/NASA Astrophysics Data System}
}

@ARTICLE{Watkins24,
       author = {{Watkins}, Laura L. and {van der Marel}, Roeland P. and {Bennet}, Paul},
        title = "{The Mass of the Large Magellanic Cloud from the Three-dimensional Kinematics of Its Globular Clusters}",
      journal = {\apj},
     keywords = {Large Magellanic Cloud, Galaxy masses, Galaxy mass distribution, Galaxy dynamics, Galaxy kinematics, 903, 607, 606, 591, 602, Astrophysics - Astrophysics of Galaxies},
         year = 2024,
        month = mar,
       volume = {963},
       number = {2},
          eid = {84},
        pages = {84},
          doi = {10.3847/1538-4357/ad1f58},
archivePrefix = {arXiv},
       eprint = {2401.14458},
 primaryClass = {astro-ph.GA},
       adsurl = {https://ui.adsabs.harvard.edu/abs/2024ApJ...963...84W},
      adsnote = {Provided by the SAO/NASA Astrophysics Data System}
}



@ARTICLE{Trelles22,
       author = {{Trelles}, A. and {Valenzuela}, O. and {Roca-F{\'a}brega}, S. and {Vel{\'a}zquez}, H.},
        title = "{Concurrent infall of satellites. Collective effects changing the overall picture}",
      journal = {\aap},
     keywords = {Galaxy: halo, galaxies: formation, methods: numerical, Astrophysics - Astrophysics of Galaxies},
         year = 2022,
        month = dec,
       volume = {668},
          eid = {A20},
        pages = {A20},
          doi = {10.1051/0004-6361/202243671},
archivePrefix = {arXiv},
       eprint = {2210.00702},
 primaryClass = {astro-ph.GA},
       adsurl = {https://ui.adsabs.harvard.edu/abs/2022A&A...668A..20T},
      adsnote = {Provided by the SAO/NASA Astrophysics Data System}
}


@ARTICLE{Gomez16,
       author = {{G{\'o}mez}, Facundo A. and {White}, Simon D.~M. and {Marinacci}, Federico and {Slater}, Colin T. and {Grand}, Robert J.~J. and {Springel}, Volker and {Pakmor}, R{\"u}diger},
        title = "{A fully cosmological model of a Monoceros-like ring}",
      journal = {\mnras},
     keywords = {Galaxy: disc, Galaxy: evolution, Galaxy: halo, galaxies: interactions, galaxies: kinematics and dynamics, methods: numerical, Astrophysics - Astrophysics of Galaxies},
         year = 2016,
        month = mar,
       volume = {456},
       number = {3},
        pages = {2779-2793},
          doi = {10.1093/mnras/stv2786},
archivePrefix = {arXiv},
       eprint = {1509.08459},
 primaryClass = {astro-ph.GA},
       adsurl = {https://ui.adsabs.harvard.edu/abs/2016MNRAS.456.2779G},
      adsnote = {Provided by the SAO/NASA Astrophysics Data System}
}



@ARTICLE{Kallivayalil13,
       author = {{Kallivayalil}, Nitya and {van der Marel}, Roeland P. and {Besla}, Gurtina and {Anderson}, Jay and {Alcock}, Charles},
        title = "{Third-epoch Magellanic Cloud Proper Motions. I. Hubble Space Telescope/WFC3 Data and Orbit Implications}",
      journal = {\apj},
     keywords = {galaxies: evolution, galaxies: interactions, galaxies: kinematics and dynamics, Galaxy: structure, Magellanic Clouds, Astrophysics - Cosmology and Nongalactic Astrophysics},
         year = 2013,
        month = feb,
       volume = {764},
       number = {2},
          eid = {161},
        pages = {161},
          doi = {10.1088/0004-637X/764/2/161},
archivePrefix = {arXiv},
       eprint = {1301.0832},
 primaryClass = {astro-ph.CO},
       adsurl = {https://ui.adsabs.harvard.edu/abs/2013ApJ...764..161K},
      adsnote = {Provided by the SAO/NASA Astrophysics Data System}
}



@ARTICLE{Tamfal_21,
       author = {{Tamfal}, Tomas and {Mayer}, Lucio and {Quinn}, Thomas R. and {Capelo}, Pedro R. and {Kazantzidis}, Stelios and {Babul}, Arif and {Potter}, Douglas},
        title = "{Revisiting Dynamical Friction: The Role of Global Modes and Local Wakes}",
      journal = {\apj},
     keywords = {Dark matter, Galaxies, Dwarf galaxies, Galaxy interactions, Galaxy dynamics, Galaxy kinematics, the Milky Way, Dynamical friction, 353, 573, 416, 600, 591, 602, 1054, 422, Astrophysics - Astrophysics of Galaxies, Astrophysics - Cosmology and Nongalactic Astrophysics},
         year = 2021,
        month = jul,
       volume = {916},
       number = {1},
          eid = {55},
        pages = {55},
          doi = {10.3847/1538-4357/ac0627},
archivePrefix = {arXiv},
       eprint = {2007.13763},
 primaryClass = {astro-ph.GA},
       adsurl = {https://ui.adsabs.harvard.edu/abs/2021ApJ...916...55T},
      adsnote = {Provided by the SAO/NASA Astrophysics Data System}
}

@ARTICLE{Prada_19,
       author = {{Prada}, Jesus and {Forero-Romero}, Jaime E. and {Grand}, Robert J.~J. and {Pakmor}, R{\"u}diger and {Springel}, Volker},
        title = "{Dark matter halo shapes in the Auriga simulations}",
      journal = {\mnras},
     keywords = {galaxies: evolution, galaxies: formation, galaxies: haloes, dark matter, Astrophysics - Astrophysics of Galaxies},
         year = 2019,
        month = dec,
       volume = {490},
       number = {4},
        pages = {4877-4888},
          doi = {10.1093/mnras/stz2873},
archivePrefix = {arXiv},
       eprint = {1910.04045},
 primaryClass = {astro-ph.GA},
       adsurl = {https://ui.adsabs.harvard.edu/abs/2019MNRAS.490.4877P},
      adsnote = {Provided by the SAO/NASA Astrophysics Data System}
}



@ARTICLE{Emami_21,
       author = {{Emami}, Razieh and {Genel}, Shy and {Hernquist}, Lars and {Alcock}, Charles and {Bose}, Sownak and {Weinberger}, Rainer and {Vogelsberger}, Mark and {Marinacci}, Federico and {Loeb}, Abraham and {Torrey}, Paul and {Forbes}, John C.},
        title = "{Morphological Types of DM Halos in Milky Way-like Galaxies in the TNG50 Simulation: Simple, Twisted, or Stretched}",
      journal = {\apj},
     keywords = {the Milky Way, Galaxy classification systems, Cold dark matter, Hydrodynamical simulations, 1054, 582, 265, 767, Astrophysics - Astrophysics of Galaxies, Astrophysics - Cosmology and Nongalactic Astrophysics, Astrophysics - High Energy Astrophysical Phenomena, High Energy Physics - Phenomenology},
         year = 2021,
        month = may,
       volume = {913},
       number = {1},
          eid = {36},
        pages = {36},
          doi = {10.3847/1538-4357/abf147},
archivePrefix = {arXiv},
       eprint = {2009.09220},
 primaryClass = {astro-ph.GA},
       adsurl = {https://ui.adsabs.harvard.edu/abs/2021ApJ...913...36E},
      adsnote = {Provided by the SAO/NASA Astrophysics Data System}
}



@ARTICLE{EXP,
       author = {{Petersen}, Michael S. and {Weinberg}, Martin D. and {Katz}, Neal},
        title = "{EXP: N-body integration using basis function expansions}",
      journal = {\mnras},
     keywords = {methods: numerical, Galaxy: halo, galaxies: haloes, galaxies: kinematics and dynamics, galaxies: structure, Astrophysics - Astrophysics of Galaxies, Astrophysics - Instrumentation and Methods for Astrophysics},
         year = 2022,
        month = mar,
       volume = {510},
       number = {4},
        pages = {6201-6217},
          doi = {10.1093/mnras/stab3639},
archivePrefix = {arXiv},
       eprint = {2104.14577},
 primaryClass = {astro-ph.GA},
       adsurl = {https://ui.adsabs.harvard.edu/abs/2022MNRAS.510.6201P},
      adsnote = {Provided by the SAO/NASA Astrophysics Data System}
}



@ARTICLE{Vargya_22,
       author = {{Vargya}, Drona and {Sanderson}, Robyn and {Sameie}, Omid and {Boylan-Kolchin}, Michael and {Hopkins}, Philip F. and {Wetzel}, Andrew and {Graus}, Andrew},
        title = "{Shapes of Milky-Way-mass galaxies with self-interacting dark matter}",
      journal = {\mnras},
     keywords = {methods: numerical, galaxies: haloes, galaxies: structure, dark matter, Astrophysics - Astrophysics of Galaxies, Astrophysics - Cosmology and Nongalactic Astrophysics},
         year = 2022,
        month = oct,
       volume = {516},
       number = {2},
        pages = {2389-2405},
          doi = {10.1093/mnras/stac2069},
archivePrefix = {arXiv},
       eprint = {2104.14069},
 primaryClass = {astro-ph.GA},
       adsurl = {https://ui.adsabs.harvard.edu/abs/2022MNRAS.516.2389V},
      adsnote = {Provided by the SAO/NASA Astrophysics Data System}
}


@ARTICLE{Warren1992,
       author = {{Warren}, Michael S. and {Quinn}, Peter J. and {Salmon}, John K. and {Zurek}, Wojciech H.},
        title = "{Dark Halos Formed via Dissipationless Collapse. I. Shapes and Alignment of Angular Momentum}",
      journal = {\apj},
     keywords = {Angular Momentum, Dark Matter, Gravitational Collapse, Many Body Problem, Computational Astrophysics, Halos, Astrophysics, GALAXIES: FORMATION, GALAXIES: KINEMATICS AND DYNAMICS, METHODS: NUMERICAL},
         year = 1992,
        month = nov,
       volume = {399},
        pages = {405},
          doi = {10.1086/171937},
       adsurl = {https://ui.adsabs.harvard.edu/abs/1992ApJ...399..405W},
      adsnote = {Provided by the SAO/NASA Astrophysics Data System}
}




@ARTICLE{Despali_22,
       author = {{Despali}, Giulia and {Walls}, Levi G. and {Vegetti}, Simona and {Sparre}, Martin and {Vogelsberger}, Mark and {Zavala}, Jes{\'u}s},
        title = "{Constraining SIDM with halo shapes: Revisited predictions from realistic simulations of early-type galaxies}",
      journal = {\mnras},
     keywords = {gravitational lensing: strong, methods: numerical, galaxies: elliptical and lenticular, cD, galaxies: haloes, dark matter, X-rays: galaxies, Astrophysics - Cosmology and Nongalactic Astrophysics, Astrophysics - Astrophysics of Galaxies},
         year = 2022,
        month = nov,
       volume = {516},
       number = {3},
        pages = {4543-4559},
          doi = {10.1093/mnras/stac2521},
archivePrefix = {arXiv},
       eprint = {2204.12502},
 primaryClass = {astro-ph.CO},
       adsurl = {https://ui.adsabs.harvard.edu/abs/2022MNRAS.516.4543D},
      adsnote = {Provided by the SAO/NASA Astrophysics Data System}
}



@ARTICLE{Gonzalez_24,
       author = {{Gonzalez}, Elizabeth J. and {Rodr{\'\i}guez-Medrano}, Agust{\'\i}n and {Pereyra}, Luis and {Garc{\'\i}a Lambas}, Diego},
        title = "{Cluster halo shapes in CDM and SIDM models: unveiling the DM particle nature using a weak-lensing approach}",
      journal = {\mnras},
     keywords = {gravitational lensing: weak, galaxies: haloes, dark matter, Astrophysics - Cosmology and Nongalactic Astrophysics},
         year = 2024,
        month = feb,
       volume = {528},
       number = {2},
        pages = {3075-3091},
          doi = {10.1093/mnras/stae099},
archivePrefix = {arXiv},
       eprint = {2308.13461},
 primaryClass = {astro-ph.CO},
       adsurl = {https://ui.adsabs.harvard.edu/abs/2024MNRAS.528.3075G},
      adsnote = {Provided by the SAO/NASA Astrophysics Data System}
}



@ARTICLE{Choi09,
       author = {{Choi}, Jun-Hwan and {Weinberg}, Martin D. and {Katz}, Neal},
        title = "{The dynamics of satellite disruption in cold dark matter haloes}",
      journal = {\mnras},
     keywords = {galaxies: evolution, galaxies: haloes, galaxies: interaction, galaxies: kinematics and dynamics, methods: N-body simulation, methods: numerical, Astrophysics},
         year = 2009,
        month = dec,
       volume = {400},
       number = {3},
        pages = {1247-1263},
          doi = {10.1111/j.1365-2966.2009.15556.x},
archivePrefix = {arXiv},
       eprint = {0812.0009},
 primaryClass = {astro-ph},
       adsurl = {https://ui.adsabs.harvard.edu/abs/2009MNRAS.400.1247C},
      adsnote = {Provided by the SAO/NASA Astrophysics Data System}
}


@ARTICLE{Eilers_19,
       author = {{Eilers}, Anna-Christina and {Hogg}, David W. and {Rix}, Hans-Walter and {Ness}, Melissa K.},
        title = "{The Circular Velocity Curve of the Milky Way from 5 to 25 kpc}",
      journal = {\apj},
     keywords = {catalogs, Galaxy: disk, Galaxy: kinematics and dynamics, methods: statistical, stars: distances, techniques: spectroscopic, Astrophysics - Astrophysics of Galaxies},
         year = 2019,
        month = jan,
       volume = {871},
       number = {1},
          eid = {120},
        pages = {120},
          doi = {10.3847/1538-4357/aaf648},
archivePrefix = {arXiv},
       eprint = {1810.09466},
 primaryClass = {astro-ph.GA},
       adsurl = {https://ui.adsabs.harvard.edu/abs/2019ApJ...871..120E},
      adsnote = {Provided by the SAO/NASA Astrophysics Data System}
}




@ARTICLE{Valluri_21,
       author = {{Valluri}, Monica and {Price-Whelan}, Adrian M. and {Snyder}, Sarah J.},
        title = "{Detecting the Figure Rotation of Dark Matter Halos with Tidal Streams}",
      journal = {\apj},
     keywords = {Dark matter, Galaxy dark matter halos, Milky Way dark matter halo, Galaxy dynamics, Milky Way dynamics, Sagittarius dwarf spheroidal galaxy, Tidal disruption, 353, 1880, 1049, 591, 1051, 1423, 1696, Astrophysics - Astrophysics of Galaxies, Astrophysics - Cosmology and Nongalactic Astrophysics},
         year = 2021,
        month = apr,
       volume = {910},
       number = {2},
          eid = {150},
        pages = {150},
          doi = {10.3847/1538-4357/abe534},
archivePrefix = {arXiv},
       eprint = {2009.09004},
 primaryClass = {astro-ph.GA},
       adsurl = {https://ui.adsabs.harvard.edu/abs/2021ApJ...910..150V},
      adsnote = {Provided by the SAO/NASA Astrophysics Data System}
}

@ARTICLE{TW84,
       author = {{Tremaine}, S. and {Weinberg}, M.~D.},
        title = "{Dynamical friction in spherical systems.}",
      journal = {\mnras},
     keywords = {Celestial Mechanics, Chandrasekhar Equation, Friction Drag, Galactic Evolution, Gravitational Effects, Star Clusters, Stellar Systems, Angular Velocity, Astronomical Models, Capture Effect, Orbit Decay, Resonance, Spheres, Stellar Motions, Astronomy},
         year = 1984,
        month = aug,
       volume = {209},
        pages = {729-757},
          doi = {10.1093/mnras/209.4.729},
       adsurl = {https://ui.adsabs.harvard.edu/abs/1984MNRAS.209..729T},
      adsnote = {Provided by the SAO/NASA Astrophysics Data System}
}

@ARTICLE{Lowing11,
       author = {{Lowing}, Ben and {Jenkins}, Adrian and {Eke}, Vincent and {Frenk}, Carlos},
        title = "{A halo expansion technique for approximating simulated dark matter haloes}",
      journal = {\mnras},
     keywords = {methods: numerical, galaxies: haloes, dark matter, Astrophysics - Cosmology and Nongalactic Astrophysics, Astrophysics - Astrophysics of Galaxies},
         year = 2011,
        month = oct,
       volume = {416},
       number = {4},
        pages = {2697-2711},
          doi = {10.1111/j.1365-2966.2011.19222.x},
archivePrefix = {arXiv},
       eprint = {1010.6197},
 primaryClass = {astro-ph.CO},
       adsurl = {https://ui.adsabs.harvard.edu/abs/2011MNRAS.416.2697L},
      adsnote = {Provided by the SAO/NASA Astrophysics Data System}
}



@ARTICLE{Amarante_24,
       author = {{Amarante}, Jo{\~a}o A.~S. and {Koposov}, Sergey E. and {Laporte}, Chervin F.~P.},
        title = "{Mapping the anisotropic Galactic stellar halo with Blue Horizontal Branch stars}",
      journal = {arXiv e-prints},
     keywords = {Astrophysics - Astrophysics of Galaxies},
         year = 2024,
        month = apr,
          eid = {arXiv:2404.09825},
        pages = {arXiv:2404.09825},
          doi = {10.48550/arXiv.2404.09825},
archivePrefix = {arXiv},
       eprint = {2404.09825},
 primaryClass = {astro-ph.GA},
       adsurl = {https://ui.adsabs.harvard.edu/abs/2024arXiv240409825A},
      adsnote = {Provided by the SAO/NASA Astrophysics Data System}
}

@ARTICLE{Sheng_24,
       author = {{Sheng}, Yanjun and {Ting}, Yuan-Sen and {Xue}, Xiang-Xiang and {Chang}, Jiang and {Tian}, Hao},
        title = "{Uncovering the first-infall history of the LMC through its dynamical impact in the Milky Way halo}",
      journal = {arXiv e-prints},
     keywords = {Astrophysics - Astrophysics of Galaxies},
         year = 2024,
        month = apr,
          eid = {arXiv:2404.08975},
        pages = {arXiv:2404.08975},
          doi = {10.48550/arXiv.2404.08975},
archivePrefix = {arXiv},
       eprint = {2404.08975},
 primaryClass = {astro-ph.GA},
       adsurl = {https://ui.adsabs.harvard.edu/abs/2024arXiv240408975S},
      adsnote = {Provided by the SAO/NASA Astrophysics Data System}
}

@ARTICLE{Ogiya_16,
       author = {{Ogiya}, Go and {Burkert}, Andreas},
        title = "{Dynamical friction and scratches of orbiting satellite galaxies on host systems}",
      journal = {\mnras},
     keywords = {galaxies: dwarf, galaxies: evolution, galaxies: formation, galaxies: kinematics and dynamics, Local Group, Magellanic Clouds, Astrophysics - Astrophysics of Galaxies, Astrophysics - Cosmology and Nongalactic Astrophysics},
         year = 2016,
        month = apr,
       volume = {457},
       number = {2},
        pages = {2164-2172},
          doi = {10.1093/mnras/stw091},
archivePrefix = {arXiv},
       eprint = {1510.07892},
 primaryClass = {astro-ph.GA},
       adsurl = {https://ui.adsabs.harvard.edu/abs/2016MNRAS.457.2164O},
      adsnote = {Provided by the SAO/NASA Astrophysics Data System}
}



@ARTICLE{Glennon_24,
       author = {{Glennon}, Noah and {Musoke}, Nathan and {Nadler}, Ethan O. and {Prescod-Weinstein}, Chanda and {Wechsler}, Risa H.},
        title = "{Dynamical friction in self-interacting ultralight dark matter}",
      journal = {\prd},
     keywords = {Astrophysics - Cosmology and Nongalactic Astrophysics, High Energy Physics - Phenomenology, 85A40},
         year = 2024,
        month = mar,
       volume = {109},
       number = {6},
          eid = {063501},
        pages = {063501},
          doi = {10.1103/PhysRevD.109.063501},
archivePrefix = {arXiv},
       eprint = {2312.07684},
 primaryClass = {astro-ph.CO},
       adsurl = {https://ui.adsabs.harvard.edu/abs/2024PhRvD.109f3501G},
      adsnote = {Provided by the SAO/NASA Astrophysics Data System}
}


@ARTICLE{Watkins_24,
       author = {{Watkins}, Laura L. and {van der Marel}, Roeland P. and {Bennet}, Paul},
        title = "{The Mass of the Large Magellanic Cloud from the Three-dimensional Kinematics of Its Globular Clusters}",
      journal = {\apj},
     keywords = {Large Magellanic Cloud, Galaxy masses, Galaxy mass distribution, Galaxy dynamics, Galaxy kinematics, 903, 607, 606, 591, 602, Astrophysics - Astrophysics of Galaxies},
         year = 2024,
        month = mar,
       volume = {963},
       number = {2},
          eid = {84},
        pages = {84},
          doi = {10.3847/1538-4357/ad1f58},
archivePrefix = {arXiv},
       eprint = {2401.14458},
 primaryClass = {astro-ph.GA},
       adsurl = {https://ui.adsabs.harvard.edu/abs/2024ApJ...963...84W},
      adsnote = {Provided by the SAO/NASA Astrophysics Data System}
}



@article{Weinberg1999,
doi = {10.1086/300669},
url = {https://dx.doi.org/10.1086/300669},
year = {1999},
month = {jan},
publisher = {},
volume = {117},
number = {1},
pages = {629},
author = {Martin D. Weinberg},
title = {An Adaptive Algorithm for N-Body Field
Expansions},
journal = {The Astronomical Journal},
abstract = {An expansion of a density field or particle distribution in basis functions that solve the Poisson equation both provides an easily parallelized N-body force algorithm and simplifies perturbation theories. The expansion converges quickly and provides the highest computational advantage if the lowest order potential-density pair in the basis looks like the unperturbed galaxy or stellar system. Unfortunately, there are only a handful of such bases in the literature that limit this advantage. This paper presents an algorithm for deriving these bases to match a wide variety of galaxy models. The method is based on efficient numerical solution of the Sturm-Liouville equation and can be used for any geometry with a separable Laplacian.
Two cases are described in detail. First, for the spherical case, the lowest order basis function pair may be chosen to be exactly that of the underlying model. The profile may be (1) cuspy or have a core and (2) truncated or of infinite extent. Second, the method yields a three-dimensional cylindrical basis appropriate for studying galactic disks. In this case, the vertical and radial bases are coupled; the lowest order radial part of the basis function can be chosen to match the underlying profile only in the disk plane. Practically, this basis is still a very good match to the overall disk profile and converges in a small number of terms. The ease of combining several bases makes this force solver ideally suited to multicomponent simulations, such as those of disks embedded in halos.}
}

@ARTICLE{Weinberg98,
       author = {{Weinberg}, Martin D.},
        title = "{Dynamics of an interacting luminous disc, dark halo and satellite companion}",
      journal = {\mnras},
     keywords = {GALAXY: HALO, GALAXY: STRUCTURE, GALAXIES: HALOES, GALAXIES: KINEMATICS AND DYNAMICS, MAGELLANIC CLOUDS},
         year = 1998,
        month = sep,
       volume = {299},
       number = {2},
        pages = {499-514},
          doi = {10.1046/j.1365-8711.1998.01790.x},
       adsurl = {https://ui.adsabs.harvard.edu/abs/1998MNRAS.299..499W},
      adsnote = {Provided by the SAO/NASA Astrophysics Data System}
}

@ARTICLE{Weinberg_21,
       author = {{Weinberg}, Martin D. and {Petersen}, Michael S.},
        title = "{Using multichannel singular spectrum analysis to study galaxy dynamics}",
      journal = {\mnras},
     keywords = {methods: numerical, software: simulations, galaxies: bar, galaxies: structure, Astrophysics - Astrophysics of Galaxies, Astrophysics - Instrumentation and Methods for Astrophysics},
         year = 2021,
        month = mar,
       volume = {501},
       number = {4},
        pages = {5408-5423},
          doi = {10.1093/mnras/staa3997},
archivePrefix = {arXiv},
       eprint = {2009.07870},
 primaryClass = {astro-ph.GA},
       adsurl = {https://ui.adsabs.harvard.edu/abs/2021MNRAS.501.5408W},
      adsnote = {Provided by the SAO/NASA Astrophysics Data System}
}

@ARTICLE{Weinberg_23,
       author = {{Weinberg}, Martin D.},
        title = "{New dipole instabilities in spherical stellar systems}",
      journal = {\mnras},
     keywords = {instabilities, methods: numerical, galaxies: evolution, galaxies: haloes, galaxies: structure, Astrophysics - Astrophysics of Galaxies},
         year = 2023,
        month = nov,
       volume = {525},
       number = {4},
        pages = {4962-4975},
          doi = {10.1093/mnras/stad2591},
archivePrefix = {arXiv},
       eprint = {2209.06846},
 primaryClass = {astro-ph.GA},
       adsurl = {https://ui.adsabs.harvard.edu/abs/2023MNRAS.525.4962W},
      adsnote = {Provided by the SAO/NASA Astrophysics Data System}
}



@ARTICLE{Yaaqib_24,
       author = {{Yaaqib}, Rashid and {Petersen}, Michael S. and {Pe{\~n}arrubia}, Jorge},
        title = "{The radial variation of the LMC-induced reflex motion of the Milky Way disc observed in the stellar halo}",
      journal = {arXiv e-prints},
     keywords = {Astrophysics - Astrophysics of Galaxies},
         year = 2024,
        month = feb,
          eid = {arXiv:2402.10841},
        pages = {arXiv:2402.10841},
          doi = {10.48550/arXiv.2402.10841},
archivePrefix = {arXiv},
       eprint = {2402.10841},
 primaryClass = {astro-ph.GA},
       adsurl = {https://ui.adsabs.harvard.edu/abs/2024arXiv240210841Y},
      adsnote = {Provided by the SAO/NASA Astrophysics Data System}
}


@ARTICLE{Weinberg1996,
       author = {{Weinberg}, Martin D.},
        title = "{High-Accuracy Minimum Relaxation N-Body Simulations Using Orthogonal Series Force Computation}",
      journal = {\apj},
     keywords = {CELESTIAL MECHANICS, STELLAR DYNAMICS, GALAXIES: KINEMATICS AND DYNAMICS, METHODS: NUMERICAL, METHODS: STATISTICAL, Astrophysics},
         year = 1996,
        month = oct,
       volume = {470},
        pages = {715},
          doi = {10.1086/177902},
archivePrefix = {arXiv},
       eprint = {astro-ph/9511121},
 primaryClass = {astro-ph},
       adsurl = {https://ui.adsabs.harvard.edu/abs/1996ApJ...470..715W},
      adsnote = {Provided by the SAO/NASA Astrophysics Data System}
}


@ARTICLE{Grudic2021,
       author = {{Grudi{\'c}}, Michael and {Gurvich}, Alexander},
        title = "{pytreegrav: A fast Python gravity solver}",
      journal = {The Journal of Open Source Software},
     keywords = {Python, physics, gravity, simulations},
         year = 2021,
        month = dec,
       volume = {6},
       number = {68},
          eid = {3675},
        pages = {3675},
          doi = {10.21105/joss.03675},
       adsurl = {https://ui.adsabs.harvard.edu/abs/2021JOSS....6.3675G},
      adsnote = {Provided by the SAO/NASA Astrophysics Data System}
}


@software{Pontzen2013,
       author = {{Pontzen}, Andrew and {Ro{\v{s}}kar}, Rok and {Stinson}, Greg and {Woods}, Rory},
        title = "{pynbody: N-Body/SPH analysis for python}",
 howpublished = {Astrophysics Source Code Library, record ascl:1305.002},
         year = 2013,
        month = may,
          eid = {ascl:1305.002},
       adsurl = {https://ui.adsabs.harvard.edu/abs/2013ascl.soft05002P},
      adsnote = {Provided by the SAO/NASA Astrophysics Data System}
}

@ARTICLE{diemer_2023,
       author = {{Diemer}, Benedikt and {Behroozi}, Peter and {Mansfield}, Philip},
        title = "{Haunted haloes: tracking the ghosts of subhaloes lost by halo finders}",
      journal = {arXiv e-prints},
     keywords = {Astrophysics - Cosmology and Nongalactic Astrophysics, Astrophysics - Astrophysics of Galaxies},
         year = 2023,
        month = may,
          eid = {arXiv:2305.00993},
        pages = {arXiv:2305.00993},
          doi = {10.48550/arXiv.2305.00993},
archivePrefix = {arXiv},
       eprint = {2305.00993},
 primaryClass = {astro-ph.CO},
       adsurl = {https://ui.adsabs.harvard.edu/abs/2023arXiv230500993D},
      adsnote = {Provided by the SAO/NASA Astrophysics Data System}
}

@ARTICLE{han_2018,
       author = {{Han}, Jiaxin and {Cole}, Shaun and {Frenk}, Carlos S. and {Benitez-Llambay}, Alejandro and {Helly}, John},
        title = "{HBT+: an improved code for finding subhaloes and building merger trees in cosmological simulations}",
      journal = {\mnras},
     keywords = {gravitational lensing: strong, methods: numerical, galaxies: haloes, dark matter, Astrophysics - Cosmology and Nongalactic Astrophysics, Astrophysics - Astrophysics of Galaxies},
         year = 2018,
        month = feb,
       volume = {474},
       number = {1},
        pages = {604-617},
          doi = {10.1093/mnras/stx2792},
archivePrefix = {arXiv},
       eprint = {1708.03646},
 primaryClass = {astro-ph.CO},
       adsurl = {https://ui.adsabs.harvard.edu/abs/2018MNRAS.474..604H},
      adsnote = {Provided by the SAO/NASA Astrophysics Data System}
}


@ARTICLE{gnedin_1999,
       author = {{Gnedin}, Oleg Y. and {Hernquist}, Lars and {Ostriker}, Jeremiah P.},
        title = "{Tidal Shocking by Extended Mass Distributions}",
      journal = {\apj},
     keywords = {CELESTIAL MECHANICS, STELLAR DYNAMICS, GALAXIES: INTERACTIONS, GALAXIES: KINEMATICS AND DYNAMICS, GALAXIES: STAR CLUSTERS, Celestial Mechanics, Stellar Dynamics, Galaxies: Interactions, Galaxies: Kinematics and Dynamics, Galaxies: Star Clusters},
         year = 1999,
        month = mar,
       volume = {514},
       number = {1},
        pages = {109-118},
          doi = {10.1086/306910},
       adsurl = {https://ui.adsabs.harvard.edu/abs/1999ApJ...514..109G},
      adsnote = {Provided by the SAO/NASA Astrophysics Data System}
}

@ARTICLE{vdb_ogiya_2018,
       author = {{van den Bosch}, Frank C. and {Ogiya}, Go and {Hahn}, Oliver and {Burkert}, Andreas},
        title = "{Disruption of dark matter substructure: fact or fiction?}",
      journal = {\mnras},
     keywords = {gravitation, methods: analytical, methods: numerical, galaxies: haloes, dark matter, Astrophysics - Astrophysics of Galaxies, Astrophysics - Cosmology and Nongalactic Astrophysics},
         year = 2018,
        month = mar,
       volume = {474},
       number = {3},
        pages = {3043-3066},
          doi = {10.1093/mnras/stx2956},
archivePrefix = {arXiv},
       eprint = {1711.05276},
 primaryClass = {astro-ph.GA},
       adsurl = {https://ui.adsabs.harvard.edu/abs/2018MNRAS.474.3043V},
      adsnote = {Provided by the SAO/NASA Astrophysics Data System}
}

